@article {Boldi:2007,
  author =	 {Boldi, M.-O. and Davison, A. C.},
  title =	 {A mixture model for multivariate extremes},
  journal =	 {Journal of the Royal Statistical Society: Series B
                  (Statistical Methodology)},
  volume =	 69,
  number =	 2,
  publisher =	 {Blackwell Publishing Ltd},
  issn =	 {1467-9868},
  url =		 {http://dx.doi.org/10.1111/j.1467-9868.2007.00585.x},
  doi =		 {10.1111/j.1467-9868.2007.00585.x},
  pages =	 {217--229},
  year =	 2007,
}

@article{Boldi:2009,
  year =	 2009,
  issn =	 {1386-1999},
  journal =	 {Extremes},
  volume =	 12,
  number =	 3,
  doi =		 {10.1007/s10687-008-0076-0},
  title =	 {A note on the representation of parametric models
                  for multivariate extremes},
  url =		 {http://dx.doi.org/10.1007/s10687-008-0076-0},
  publisher =	 {Springer US},
  author =	 {Boldi, Marc-Olivier},
  pages =	 {211--218},
  language =	 {English}
}

@article{Coles:1991,
  title =	 {Modelling Extreme Multivariate Events},
  author =	 {Coles, Stuart G. and Tawn, Jonathan A.},
  journal =	 {Journal of the Royal Statistical Society. Series B
                  (Methodological)},
  volume =	 53,
  number =	 2,
  pages =	 {377--392},
  url =		 {http://www.jstor.org/stable/2345748},
  ISSN =	 00359246,
  language =	 {English},
  year =	 1991,
  publisher =	 {Wiley for the Royal Statistical Society},
  copyright =	 {Copyright 1991 Royal Statistical Society},
}

@article{Dombry:2016,
  author =	 {Dombry, Cl\'{e}ment and Engelke, Sebastian and
                  Oesting, Marco},
  title =	 {Exact simulation of max-stable processes},
  volume =	 103,
  number =	 2,
  pages =	 {303--317},
  year =	 2016,
  doi =		 {10.1093/biomet/asw008},
  URL =		{http://biomet.oxfordjournals.org/content/103/2/303.abstract},
  journal =	 {Biometrika}

}


@article{Engelke:2015,
  author =	 {Engelke, Sebastian and Malinowski, Alexander and
                  Kabluchko, Zakhar and Schlather, Martin},
  title =	 {Estimation of {H}üsler--{R}eiss distributions and
                  {B}rown–{R}esnick processes},
  journal =	 {Journal of the Royal Statistical Society: Series B
                  (Statistical Methodology)},
  volume =	 77,
  number =	 1,
  issn =	 {1467-9868},
  url =		 {http://dx.doi.org/10.1111/rssb.12074},
  doi =		 {10.1111/rssb.12074},
  pages =	 {239--265},
  keywords =	 {Extreme value theory, Max-stable process,
                  Peaks-over-threshold method, Poisson point process,
                  Spectral density},
  year =	 2015,
}

@article {Galambos:1975,
  AUTHOR =	 {Galambos, J{\'a}nos},
  TITLE =	 {Order statistics of samples from multivariate
                  distributions},
  JOURNAL =	 {J. Amer. Statist. Assoc.},
  FJOURNAL =	 {Journal of the American Statistical Association},
  VOLUME =	 70,
  YEAR =	 1975,
  NUMBER =	 {351, part 1},
  PAGES =	 {674--680},
  ISSN =	 {0162-1459},
}

@article {Gumbel:1960,
  AUTHOR =	 {Gumbel, {\'E}mile J.},
  TITLE =	 {Distributions des valeurs extr\^emes en plusieurs
                  dimensions},
  JOURNAL =	 {Publ. Inst. Statist. Univ. Paris},
  VOLUME =	 9,
  YEAR =	 1960,
  PAGES =	 {171--173},
}

@article{Huser:2013,
  author =	 {Huser, R. and Davison, A. C.},
  title =	 {Composite likelihood estimation for the
                  {B}rown--{R}esnick process},
  volume =	 100,
  number =	 2,
  pages =	 {511--518},
  year =	 2013,
  doi =		 {10.1093/biomet/ass089},
  URL =
                  {http://biomet.oxfordjournals.org/content/100/2/511.abstract},
  journal =	 {Biometrika}
}

@article {Husler:1989,
  AUTHOR =	 {H{\"u}sler, J{\"u}rg and Reiss, Rolf-Dieter},
  TITLE =	 {Maxima of normal random vectors: between
                  independence and complete dependence},
  JOURNAL =	 {Statist. Probab. Lett.},
  FJOURNAL =	 {Statistics \& Probability Letters},
  VOLUME =	 7,
  YEAR =	 1989,
  NUMBER =	 4,
  PAGES =	 {283--286},
  ISSN =	 {0167-7152},
  DOI =		 {10.1016/0167-7152(89)90106-5},
  URL =		 {http://dx.doi.org/10.1016/0167-7152(89)90106-5},
}

@ARTICLE{Joe:1990,
  title =	 {Families of min-stable multivariate exponential and
                  multivariate extreme value distributions},
  author =	 {Joe, Harry},
  year =	 1990,
  journal =	 {Statistics \& Probability Letters},
  volume =	 9,
  number =	 1,
  pages =	 {75--81},
  url =		 {https://doi.org/10.1016/0167-7152(90)90098-R}
}
@book{Kotz:2000,
  AUTHOR =	 {Kotz, Samuel and Nadarajah, Saralees},
  TITLE =	 {Extreme value distributions},
  NOTE =	 {Theory and applications},
  PUBLISHER =	 {Imperial College Press},
  ADDRESS =	 {London},
  YEAR =	 2000,
  PAGES =	 {viii+187},
  ISBN =	 {1-86094-224-5},
  MRCLASS =	 {60-02 (60E05 60G70 62E10)},
  MRNUMBER =	 {1892574 (2003a:60003)},
  MRREVIEWER =	 {M. Sreehari},
  DOI =		 {10.1142/9781860944024},
  URL =		 {http://dx.doi.org/10.1142/9781860944024},
}

@article{Nikoloulopoulos:2009,
  Author =	 {Nikoloulopoulos, Aristidis K. and Joe, Harry and Li,
                  Haijun},
  Title =	 {Extreme value properties of multivariate $t$
                  copulas},
  Journal =	 {Extremes},
  Volume =	 12,
  Number =	 2,
  Year =	 2009,
  Pages =	 {129--148},
  Keywords =	 {Extreme value, 62H20, 91B30, tail dependence
                  function, t Copula}
}
@Article{Pinheiro:1996,
  author =	 "Pinheiro, Jos{\'{e}} C.  and Bates, Douglas M.",
  title =	 "Unconstrained parametrizations for
                  variance-covariance matrices",
  journal =	 "Statistics and Computing",
  year =	 1996,
  volume =	 6,
  number =	 3,
  pages =	 "289--296",
  issn =	 "1573-1375",
  doi =		 "10.1007/BF00140873",
  url =		 "http://dx.doi.org/10.1007/BF00140873"
}

@Unpublished{Smith:1990,
  author =	 {Smith, Richard L.},
  title =	 {Max-Stable Processes and Spatial Extremes},
  note =	 {Unpublished technical report.},
  month =	 {October},
  year =	 1990,
  url =
                  {http://www.unc.edu/depts/statistics/postscript/rs/spatex.pdf},
}
@Article{Stephenson:2003,
  author="Stephenson, Alec",
  title="Simulating Multivariate Extreme Value Distributions of Logistic Type",
  journal="Extremes",
  year="2003",
  volume="6",
  number="1",
  pages="49--59",
  issn="1572-915X",
  doi="10.1023/A:1026277229992",
  url="https://doi.org/10.1023/A:1026277229992"
}

@article{Tawn:1990,
  author =	 {Tawn, Jonathan A.},
  title =	 {Modelling multivariate extreme value distributions},
  volume =	 77,
  number =	 2,
  pages =	 {245--253},
  year =	 1990,
  doi =		 {10.1093/biomet/77.2.245},
  URL =		{http://biomet.oxfordjournals.org/content/77/2/245.abstract},
  journal =	 {Biometrika}
}
